%% This BibTeX bibliography file was created using BibDesk.
%% http://bibdesk.sourceforge.net/


%% Created for Ma√Øeul at 2011-09-19 10:04:01 +0200 


%% Saved with string encoding Unicode (UTF-8) 



@inbook{canons,
	Address = {Gen\`eve},
	Author = {Albert de Pury},
	Booktitle = {Introduction \`a l'Ancien Testament},
	Date-Added = {2011-09-18 22:14:31 +0200},
	Date-Modified = {2011-09-19 10:04:01 +0200},
	Editor = {Thomas R\"omer and Jean-Daniel Macchi and Christophe Nihan},
	Pages = {19-20},
	Publisher = {Labor et Fides},
	Title = {Le canon de l'Ancien Testament},
	Year = {2005}}
